
@misc{amr-guidelines,
	title = {Abstract {M}eaning {R}epresentation ({AMR}) 1.2 {S}pecification},
	url = {https://github.com/amrisi/amr-guidelines/blob/b0fd2d6321ed4c9e9fa202b307cceeae36b8c25b/amr.md},
	author = {Banarescu, Laura and Bonial, Claire and Cai, Shu and Georgescu, Madalina and Griffitt, Kira and Hermjakob, Ulf and Knight, Kevin and Koehn, Philipp and Palmer, Martha and Schneider, Nathan},
	month = may,
	year = {2014}
},

@inproceedings{xue-14,
	address = {Reykjav\'{i}k, Iceland},
	title = {Not an interlingua, but close: comparison of {E}nglish {AMRs} to {C}hinese and {C}zech},
	booktitle = {Proc. of {LREC}},
	author = {Xue, Nianwen and Bojar, Ondrej and Hajic, Jan and Palmer, Martha and Uresova, Zdenka and Zhang, Xiuhong},
	editor = {Calzolari, Nicoletta and Choukri, Khalid and Declerck, Thierry and Loftsson, Hrafn and Maegaard, Bente and Mariani, Joseph and Moreno, Asuncion and Odijk, Jan and Piperidis, Stelios},
	month = may,
	year = {2014},
	pages = {1765--1772}
},

@incollection{dorr-98,
	address = {Berlin},
	series = {Lecture Notes in Computer Science},
	title = {A thematic hierarchy for efficient generation from lexical-conceptual structure},
	number = {1529},
	booktitle = {Machine Translation and the Information Soup: Proceedings of the Third Conference of the Association for Machine Translation in the Americas},
	publisher = {Springer},
	author = {Dorr, Bonnie and Habash, Nizar and Traum, David},
	editor = {Farwell, David and Gerber, Laurie and Hovy, Eduard},
	month = jan,
	year = {1998},
	pages = {333--343}
},

@inproceedings{amr,
	address = {Sofia, Bulgaria},
	title = {Abstract {M}eaning {R}epresentation for sembanking},
	booktitle = {Proc. of the 7th Linguistic Annotation Workshop and Interoperability with Discourse},
	author = {Banarescu, Laura and Bonial, Claire and Cai, Shu and Georgescu, Madalina and Griffitt, Kira and Hermjakob, Ulf and Knight, Kevin and Koehn, Philipp and Palmer, Martha and Schneider, Nathan},
	month = aug,
	year = {2013},
	pages = {178--186}
}


@inproceedings{chiang-13,
	address = {Sofia, Bulgaria},
	title = {Parsing {G}raphs with {H}yperedge {R}eplacement {G}rammars},
	booktitle = {Proc. of {ACL}},
	author = {Chiang, David and Andreas, Jacob and Bauer, Daniel and Hermann, Karl Moritz and Jones, Bevan and Knight, Kevin},
	month = aug,
	year = {2013},
	pages = {924--932}
},

@inproceedings{jones-12,
	address = {Mumbai, India},
	title = {Semantics-based machine translation with hyperedge replacement grammars},
	booktitle = {Proc. of {COLING} 2012},
	author = {Jones, Bevan and Andreas, Jacob and Bauer, Daniel and Hermann, Karl Moritz and Knight, Kevin},
	month = dec,
	year = {2012},
	pages = {1359--1376}
}
