
@inproceedings{werling-15,
	address = {Beijing, China},
	title = {Robust subgraph generation improves {A}bstract {M}eaning {R}epresentation parsing},
	booktitle = {Proc. of {ACL-IJCNLP}},
	author = {Werling, Keenon and Angeli, Gabor and Manning, Christopher D.},
	year = {2015}
},

@inproceedings{xue-14,
	address = {Reykjav\'{i}k, Iceland},
	title = {Not an interlingua, but close: comparison of {E}nglish {AMRs} to {C}hinese and {C}zech},
	booktitle = {Proc. of {LREC}},
	author = {Xue, Nianwen and Bojar, Ondrej and Hajic, Jan and Palmer, Martha and Uresova, Zdenka and Zhang, Xiuhong},
	editor = {Calzolari, Nicoletta and Choukri, Khalid and Declerck, Thierry and Loftsson, Hrafn and Maegaard, Bente and Mariani, Joseph and Moreno, Asuncion and Odijk, Jan and Piperidis, Stelios},
	month = may,
	year = {2014},
	pages = {1765--1772}
},

@article{pust-15,
	title = {Using syntax-based machine translation to parse {E}nglish into {A}bstract {M}eaning {R}epresentation},
	url = {http://arxiv.org/abs/1504.06665},
	journal = {{arXiv}:1504.06665 [cs]},
	author = {Pust, Michael and Hermjakob, Ulf and Knight, Kevin and Marcu, Daniel and May, Jonathan},
	month = apr,
	year = {2015},
	note = {{arXiv}: 1504.06665}
},

@inproceedings{koller-15,
	address = {London, {UK}},
	title = {Semantic construction with graph grammars},
	booktitle = {Proc. of the 11th International Conference on Computational Semantics},
	author = {Koller, Alexander},
	month = apr,
	year = {2015},
	pages = {228--238}
},

@inproceedings{vanderwende-15,
	address = {Denver, Colorado},
	title = {An {AMR} parser for {E}nglish, {F}rench, {G}erman, {S}panish and {J}apanese and a new {AMR-annotated} corpus},
	booktitle = {Proc. of the 2015 Conference of the North American Chapter of the Association for Computational Linguistics: Demonstrations},
	author = {Vanderwende, Lucy and Menezes, Arul and Quirk, Chris},
	month = jun,
	year = {2015},
	pages = {26--30}
},

@inproceedings{schneider-15,
	address = {Denver, Colorado, {USA}},
	title = {A hierarchy with, of, and for preposition supersenses},
	booktitle = {Proc. of The 9th Linguistic Annotation Workshop},
	author = {Schneider, Nathan and Srikumar, Vivek and Hwang, Jena D. and Palmer, Martha},
	month = jun,
	year = {2015},
	pages = {112--123}
},

@inproceedings{wang-15,
	address = {Denver, Colorado},
	title = {A {T}ransition-based algorithm for {AMR} parsing},
	booktitle = {Proc. of {NAACL-HLT}},
	author = {Wang, Chuan and Xue, Nianwen and Pradhan, Sameer},
	month = jun,
	year = {2015},
	pages = {366--375}
},

@inproceedings{saphra-15,
	address = {Denver, Colorado},
	title = {{AMRICA}: an {AMR} {I}nspector for {C}ross-language {A}lignments},
	booktitle = {Proc. of the 2015 Conference of the North American Chapter of the Association for Computational Linguistics: Demonstrations},
	author = {Saphra, Naomi and Lopez, Adam},
	month = jun,
	year = {2015},
	pages = {36--40}
},

@inproceedings{liu-15,
	address = {Denver, Colorado},
	title = {Toward abstractive summarization using semantic representations},
	booktitle = {Proc. of {NAACL-HLT}},
	author = {Liu, Fei and Flanigan, Jeffrey and Thomson, Sam and Sadeh, Norman and Smith, Noah A.},
	month = jun,
	year = {2015},
	pages = {1077--1086}
},

@inproceedings{pan-15,
	address = {Denver, Colorado},
	title = {Unsupervised entity linking with {A}bstract {M}eaning {R}epresentation},
	booktitle = {Proc. of {NAACL-HLT}},
	author = {Pan, Xiaoman and Cassidy, Taylor and Hermjakob, Ulf and Ji, Heng and Knight, Kevin},
	month = jun,
	year = {2015},
	pages = {1130--1139}
},

@inproceedings{langkilde-98,
	address = {Montreal, Quebec, Canada},
	title = {Generation that exploits corpus-based statistical knowledge},
	booktitle = {Proc. of {COLING-ACL}},
	author = {Langkilde, Irene and Knight, Kevin},
	year = {1998},
	pages = {704--710}
},

@article{palmer-05,
	title = {The {P}roposition {B}ank: an annotated corpus of semantic roles},
	volume = {31},
	number = {1},
	journal = {Computational Linguistics},
	author = {Palmer, Martha and Gildea, Daniel and Kingsbury, Paul},
	month = mar,
	year = {2005},
	pages = {71--106}
},

@inproceedings{quernheim-12,
	address = {Jeju, Republic of Korea},
	title = {Towards probabilistic acceptors and transducers for feature structures},
	booktitle = {Proc. of the Sixth Workshop on Syntax, Semantics and Structure in Statistical Translation},
	author = {Quernheim, Daniel and Knight, Kevin},
	month = jul,
	year = {2012},
	pages = {76--85}
},

@inproceedings{jones-12,
	address = {Mumbai, India},
	title = {Semantics-based machine translation with hyperedge replacement grammars},
	booktitle = {Proc. of {COLING} 2012},
	author = {Jones, Bevan and Andreas, Jacob and Bauer, Daniel and Hermann, Karl Moritz and Knight, Kevin},
	month = dec,
	year = {2012},
	pages = {1359--1376}
},

@inproceedings{chiang-13,
	address = {Sofia, Bulgaria},
	title = {Parsing graphs with hyperedge replacement grammars},
	booktitle = {Proc. of {ACL}},
	author = {Chiang, David and Andreas, Jacob and Bauer, Daniel and Hermann, Karl Moritz and Jones, Bevan and Knight, Kevin},
	month = aug,
	year = {2013},
	pages = {924--932}
},

@inproceedings{braune-14,
	address = {Reykjav\'{i}k, Iceland},
	title = {Mapping between {E}nglish strings and reentrant semantic graphs},
	booktitle = {Proc. of {LREC}},
	author = {Braune, Fabienne and Bauer, Daniel and Knight, Kevin},
	editor = {Calzolari, Nicoletta and Choukri, Khalid and Declerck, Thierry and Loftsson, Hrafn and Maegaard, Bente and Mariani, Joseph and Moreno, Asuncion and Odijk, Jan and Piperidis, Stelios},
	month = may,
	year = {2014}
},

@inproceedings{cai-13,
	address = {Sofia, Bulgaria},
	title = {Smatch: an evaluation metric for semantic feature structures},
	booktitle = {Proc. of {ACL}},
	author = {Cai, Shu and Knight, Kevin},
	month = aug,
	year = {2013},
	pages = {748--752}
},

@techreport{amr-ldc,
	address = {Philadelphia, Pennsylvania, {USA}},
	title = {Abstract {M}eaning {R}epresentation ({AMR}) {A}nnotation {R}elease 1.0},
	url = {https://catalog.ldc.upenn.edu/LDC2014T12},
	number = {{LDC2014T12}},
	institution = {Linguistic Data Consortium},
	author = {Knight, Kevin and Baranescu, Laura and Bonial, Claire and Georgescu, Madalina and Griffitt, Kira and Hermjakob, Ulf and Marcu, Daniel and Palmer, Martha and Schneider, Nathan},
	month = jun,
	year = {2014}
},

@inproceedings{pourdamghani-14,
	address = {Doha, Qatar},
	title = {Aligning {E}nglish strings with {A}bstract {M}eaning {R}epresentation graphs},
	booktitle = {Proc. of {EMNLP}},
	author = {Pourdamghani, Nima and Gao, Yang and Hermjakob, Ulf and Knight, Kevin},
	month = oct,
	year = {2014},
	pages = {425--429}
},

@inproceedings{flanigan-14,
	address = {Baltimore, Maryland, {USA}},
	title = {A discriminative graph-based parser for the {A}bstract {M}eaning {R}epresentation},
	booktitle = {Proc. of {ACL}},
	author = {Flanigan, Jeffrey and Thomson, Sam and Carbonell, Jaime and Dyer, Chris and Smith, Noah A.},
	month = jun,
	year = {2014},
	pages = {1426--1436}
},

@inproceedings{bonial-14,
	address = {Reykjav\'{i}k, Iceland},
	title = {{PropBank}: semantics of new predicate types},
	booktitle = {Proc. of {LREC}},
	author = {Bonial, Claire and Bonn, Julia and Conger, Kathryn and Hwang, Jena D. and Palmer, Martha},
	editor = {Calzolari, Nicoletta and Choukri, Khalid and Declerck, Thierry and Loftsson, Hrafn and Maegaard, Bente and Mariani, Joseph and Moreno, Asuncion and Odijk, Jan and Piperidis, Stelios},
	month = may,
	year = {2014},
	pages = {3013--3019}
},

@misc{amr-guidelines,
	title = {Abstract {M}eaning {R}epresentation ({AMR}) 1.2 {S}pecification},
	url = {https://github.com/amrisi/amr-guidelines/blob/b0fd2d6321ed4c9e9fa202b307cceeae36b8c25b/amr.md},
	author = {Banarescu, Laura and Bonial, Claire and Cai, Shu and Georgescu, Madalina and Griffitt, Kira and Hermjakob, Ulf and Knight, Kevin and Koehn, Philipp and Palmer, Martha and Schneider, Nathan},
	month = may,
	year = {2014}
},

@inproceedings{amr,
	address = {Sofia, Bulgaria},
	title = {Abstract {M}eaning {R}epresentation for sembanking},
	booktitle = {Proc. of the 7th Linguistic Annotation Workshop and Interoperability with Discourse},
	author = {Banarescu, Laura and Bonial, Claire and Cai, Shu and Georgescu, Madalina and Griffitt, Kira and Hermjakob, Ulf and Knight, Kevin and Koehn, Philipp and Palmer, Martha and Schneider, Nathan},
	month = aug,
	year = {2013},
	pages = {178--186}
}